@misc{IntelMKL1,
author ={Nguyen, Khang T (Intel)},
title = {Improving Performance of Math Functions with IntelÂ® Math Kernel Library},
howpublished ={\\ \url{"https://software.intel.com/en-us/articles/improving-performance-of-math-functions-with-intel-math-kernel-library"}},
note ={Date Accessed: 18 February 2019}
}
@misc{OpenBLAS,
author ={DeusAduro, StackOverflow},
title = {Blas Performance},
howpublished ={\\ \url{"https://stackoverflow.com/questions/1303182/how-does-blas-get-such-extreme-performance"}},
note ={\\Date Accessed: 18 February 2019}
}